% Encoding: UTF-8
@Comment{$ biblatex control file $}
@Comment{$ biblatex bcf format version 3.9 $}
% Do not modify this file!
%
% This is an auxiliary file used by the 'biblatex' package.
% This file may safely be deleted. It will be recreated as
% required.

@Control{biblatex-control,
  options = {3.9:0:1:1:0:1:1:0:0:0:0:1:3:1:3:1:0:0:3:1:79:+:+:nty},
}

@Misc{CLARAMUNT,
  author   = {Terenci Claramunt},
  title    = {Steam {Games} - {Data} {Transformation}},
  abstract = {Explore and run machine learning code with Kaggle Notebooks {\textbar} Using data from multiple data sources},
  file     = {Snapshot:C\:\\Users\\Ward\\Zotero\\storage\\IQ3Y8I3U\\steam-games-data-transformation.html:text/html},
  language = {en},
  url      = {https://kaggle.com/code/terencicp/steam-games-data-transformation},
  urldate  = {2024-05-25},
}

@Comment{jabref-meta: databaseType:bibtex;}
