% Encoding: UTF-8

@Misc{CLARAMUNT,
  author   = {Terenci Claramunt},
  title    = {Steam {Games} - {Data} {Transformation}},
  abstract = {Explore and run machine learning code with Kaggle Notebooks {\textbar} Using data from multiple data sources},
  language = {en},
  url      = {https://kaggle.com/code/terencicp/steam-games-data-transformation},
  urldate  = {2024-05-25},
}

@Comment{jabref-meta: databaseType:bibtex;}
